<record><leader>00000cas a22000007a 4500</leader><controlfield tag="001">39384376</controlfield><controlfield tag="008">980702d19591972vauwr ne      0    0eng d</controlfield><datafield ind1=" " ind2=" " tag="010"><subfield code="a">sn 98068080 </subfield></datafield><datafield ind1=" " ind2=" " tag="040"><subfield code="a">NVK</subfield><subfield code="b">eng</subfield><subfield code="c">NVK</subfield><subfield code="d">OCL</subfield><subfield code="d">OCLCQ</subfield><subfield code="d">OCLCF</subfield><subfield code="d">OCLCO</subfield><subfield code="d">OCLCA</subfield></datafield><datafield ind1="1" ind2=" " tag="029"><subfield code="a">AU@</subfield><subfield code="b">000014094780</subfield></datafield><datafield ind1=" " ind2=" " tag="042"><subfield code="a">msc</subfield></datafield><datafield ind1=" " ind2=" " tag="043"><subfield code="a">n-us-va</subfield></datafield><datafield ind1="0" ind2="4" tag="245"><subfield code="a">The Fairfax county journal-standard.</subfield></datafield><datafield ind1="1" ind2="7" tag="246"><subfield code="a">Journal standard</subfield></datafield><datafield ind1=" " ind2=" " tag="260"><subfield code="a">Falls Church, Va. :</subfield><subfield code="b">King Pub. Co.,</subfield><subfield code="c">1959-1972.</subfield></datafield><datafield ind1=" " ind2=" " tag="300"><subfield code="a">v.</subfield></datafield><datafield ind1=" " ind2=" " tag="310"><subfield code="a">Weekly</subfield></datafield><datafield ind1="0" ind2=" " tag="362"><subfield code="a">Vol. 20, no. 37 (Sept. 18, 1959)-</subfield></datafield><datafield ind1="1" ind2=" " tag="362"><subfield code="a">Ceased by Feb. 24, 1972?</subfield></datafield><datafield ind1=" " ind2=" " tag="500"><subfield code="a">Published: Alexandria, Va., &lt;1967-1972&gt;.</subfield></datafield><datafield ind1=" " ind2=" " tag="500"><subfield code="a">"County" occasionally omitted from masthead.</subfield></datafield><datafield ind1=" " ind2=" " tag="500"><subfield code="a">"Arlington Fairfax Journal" and "Journal Newspaper" occasionally are running titles after 1967.</subfield></datafield><datafield ind1=" " ind2=" " tag="500"><subfield code="a">Publisher varies: Journal Newspapers, Inc. &lt;1963-1972&gt;.</subfield></datafield><datafield ind1=" " ind2=" " tag="530"><subfield code="a">Available on microfilm from Bell and Howell (for the Library of Virginia).</subfield></datafield><datafield ind1=" " ind2=" " tag="580"><subfield code="a">In 1953 Journal Newspapers, Inc. purchased the Fairfax journal, and in 1954 acquired controlling stock in King Pub. Co., which owned the Standard (Falls Church, Va.), the two of which merged in 1959 to form: Fairfax county journal-standard.</subfield></datafield><datafield ind1=" " ind2=" " tag="580"><subfield code="a">Other newspapers published or controlled by Journal Newspapers, Inc., 1959-Feb. 1972: Alexandria journal and Alexandria tribune &lt;1953-1966&gt;; Alexandria journal-standard &lt;1966-1972&gt;; Arlington journal &lt;n.d.&gt;.</subfield></datafield><datafield ind1=" " ind2=" " tag="580"><subfield code="a">In 1972, Fairfax county journal-standard split and published in local editions: Mount Vernon-Lee edition; Annandale/Springfield/Fairfax City edition; and possibly others.</subfield></datafield><datafield ind1=" " ind2="0" tag="651"><subfield code="a">Fairfax County (Va.)</subfield><subfield code="v">Newspapers.</subfield></datafield><datafield ind1=" " ind2="0" tag="651"><subfield code="a">Falls Church (Va.)</subfield><subfield code="v">Newspapers.</subfield></datafield><datafield ind1=" " ind2="0" tag="651"><subfield code="a">Alexandria (Va.)</subfield><subfield code="v">Newspapers.</subfield></datafield><datafield ind1=" " ind2="0" tag="651"><subfield code="a">Arlington (Va.)</subfield><subfield code="v">Newspapers.</subfield></datafield><datafield ind1=" " ind2="7" tag="655"><subfield code="a">Newspapers.</subfield><subfield code="2">fast</subfield><subfield code="0">(OCoLC)fst01423814</subfield></datafield><datafield ind1=" " ind2="7" tag="651"><subfield code="a">Virginia</subfield><subfield code="z">Alexandria.</subfield><subfield code="2">fast</subfield><subfield code="0">(OCoLC)fst01206236</subfield></datafield><datafield ind1=" " ind2="7" tag="651"><subfield code="a">Virginia</subfield><subfield code="z">Arlington.</subfield><subfield code="2">fast</subfield><subfield code="0">(OCoLC)fst01205304</subfield></datafield><datafield ind1=" " ind2="7" tag="651"><subfield code="a">Virginia</subfield><subfield code="z">Fairfax County.</subfield><subfield code="2">fast</subfield><subfield code="0">(OCoLC)fst01204981</subfield></datafield><datafield ind1=" " ind2="7" tag="651"><subfield code="a">Virginia</subfield><subfield code="z">Falls Church.</subfield><subfield code="2">fast</subfield><subfield code="0">(OCoLC)fst01206556</subfield></datafield><datafield ind1=" " ind2=" " tag="752"><subfield code="a">United States</subfield><subfield code="b">Virginia</subfield><subfield code="d">Alexandria.</subfield></datafield><datafield ind1=" " ind2=" " tag="752"><subfield code="a">United States</subfield><subfield code="b">Virginia</subfield><subfield code="d">Falls Church.</subfield></datafield><datafield ind1="1" ind2=" " tag="775"><subfield code="t">Alexandria journal and Alexandria tribune</subfield><subfield code="w">(DLC)sn 98068376</subfield></datafield><datafield ind1="1" ind2=" " tag="775"><subfield code="t">Alexandria journal-standard</subfield><subfield code="w">(DLC)sn 98068373</subfield></datafield><datafield ind1="1" ind2=" " tag="775"><subfield code="t">Arlington journal</subfield></datafield><datafield ind1="1" ind2="4" tag="780"><subfield code="t">Standard (Falls Church, Va.)</subfield><subfield code="w">(DLC)sn 98068084</subfield></datafield><datafield ind1="1" ind2="4" tag="780"><subfield code="t">Fairfax journal</subfield></datafield><datafield ind1="1" ind2="6" tag="785"><subfield code="t">Fairfax county journal standard (Alexandria, Va. : Mount Vernon-Lee edition)</subfield><subfield code="w">(DLC)sn 98068088</subfield></datafield><datafield ind1="1" ind2="6" tag="785"><subfield code="t">Fairfax county journal standard (Alexandria, Va. : Annandale/Springfield/Fairfax City edition)</subfield><subfield code="w">(DLC)sn 98068092</subfield></datafield></record>